@proceedings{Sibgrapi2017,
	Address = {Niteroi, RJ, Brazil},
	Booktitle = {SIBGRAPI},
	Month = {October},
	Publisher = {{IEEE}},
	Title = {Proceedings of the 30th SIBGRAPI Conference on Graphics, Patterns and Images (SIBGRAPI)},
	Year = {2017}
}
