@article{Samuel59somestudies,
    author = {Arthur L. Samuel},
    title = {Some studies in machine learning using the game of Checkers},
    journal = {IBM JOURNAL OF RESEARCH AND DEVELOPMENT},
    year = {1959},
    pages = {71--105}
}

@book{Mitchell:ML,
 author = {Mitchell, Thomas M.},
 title = {Machine Learning},
 year = {1997},
 isbn = {0070428077, 9780070428072},
 edition = {1},
 publisher = {McGraw-Hill, Inc.},
 address = {New York, NY, USA},
} 

@Inbook{traditional-objdetect,
author="Murphy, Kevin
and Torralba, Antonio
and Eaton, Daniel
and Freeman, William",
editor="Ponce, Jean
and Hebert, Martial
and Schmid, Cordelia
and Zisserman, Andrew",
title="Object Detection and Localization Using Local and Global Features",
bookTitle="Toward Category-Level Object Recognition",
year="2006",
publisher="Springer Berlin Heidelberg",
address="Berlin, Heidelberg",
pages="382--400",
isbn="978-3-540-68795-5",
doi="10.1007/11957959_20",
url="http://dx.doi.org/10.1007/11957959_20"
}

@misc{smith2001svm,
  title={Support Vector Machines for Object Recognition},
  author={Smith, B and Gosine, R},
  year={2001}
}


@incollection{NIPS2013_5207,
title = {Deep Neural Networks for Object Detection},
author = {Szegedy, Christian and Toshev, Alexander and Erhan, Dumitru},
booktitle = {Advances in Neural Information Processing Systems 26},
editor = {C. J. C. Burges and L. Bottou and M. Welling and Z. Ghahramani and K. Q. Weinberger},
pages = {2553--2561},
year = {2013},
publisher = {Curran Associates, Inc.},
url = {http://papers.nips.cc/paper/5207-deep-neural-networks-for-object-detection.pdf}
}

@unpublished{DLbook,
    title={Deep Learning},
    author={Ian Goodfellow Yoshua Bengio and Aaron Courville},
    note={Book in preparation for MIT Press},
    url={http://www.deeplearningbook.org},
    year={2016}
}

@article{hintonDL,
  title		= {Unsupervised Discovery of Nonlinear Structure Using
		  Contrastive Backpropagation},
  author	= {Geoffrey E. Hinton and Simon Osindero and Max Welling and
		  Yee Whye Teh},
  author_short	= {Hinton, G. E. and Osindero, S. and Welling, M. and Whye
		  Teh, Y.},
  bibtype	= {article},
  type		= {article},
  year		= {2006},
  key		= {dblp2734957},
  id		= {dblp2734957},
  biburl	= {http://www.dblp.org/rec/bibtex/journals/cogsci/HintonOWT06}
		  ,
  url_link	= {http://dx.doi.org/10.1207/s15516709cog0000_76},
  journal	= {Cognitive Science (COGSCI)},
  pages		= {725-731},
  number	= {4},
  volume	= {30},
  text		= {Cognitive Science (COGSCI) 30(4):725-731 (2006)},
  url_ps	= {absps/cbpweb.ps},
  url_pdf	= {absps/cbpweb.pdf}
}


@misc{kurenkovs_2015,
	title={A 'Brief' History of Neural Nets and Deep Learning},
	url={http://www.andreykurenkov.com/writing/a-brief-history-of-neural-nets-and-deep-learning/},
	journal={Andrey Kurenkovs Web World},
	author={Kurenkovs, Andrey},
	year={2015},
	month={Dec}
}

@BOOK {perceptron1957,
    author    = "ROSENBLATT, Frank",
    title     = "The Perceptron: A Perceiving and Recognizing Automaton (Project PARA). Report No. 85-460-1",
    publisher = "Cornell Aeronautical Laboratory",
    year      = "1957",
    address   = "New York",
    edition   = "first",
    month     = "jan"
}

@inproceedings{rauter,
  title={Reliable human detection and tracking in top-view depth images},
  author={Rauter, Michael},
  booktitle={Proceedings of the IEEE Conference on Computer Vision and Pattern Recognition Workshops},
  pages={529--534},
  year={2013}
}

@inproceedings{lecunhandwritten,
  title={Handwritten digit recognition with a back-propagation network},
  author={Le Cun, B Boser and Denker, John S and Henderson, D and Howard, Richard E and Hubbard, W and Jackel, Lawrence D},
  booktitle={Advances in neural information processing systems},
  year={1990},
  organization={Citeseer}
}


%Medidas de avaliacao de classificadores, referencia primaria https://sigarra.up.pt/feup/pt/pub_geral.show_file?pi_gdoc_id=365661
@book{inforetrival,
 author = {Manning, Christopher D. and Raghavan, Prabhakar and Sch\"{u}tze, Hinrich},
 title = {Introduction to Information Retrieval},
 year = {2008},
 isbn = {0521865719, 9780521865715},
 publisher = {Cambridge University Press},
 address = {New York, NY, USA},
} 


